% LTU 3rd year project
@comment{Gab2005,
  author        = {Samuel Gabrielsson and Olof Wiippola},
  title         = {Density Functional Theory and a Simulation of Water Absorption on a Germanium Surface},
  year          = {2005},
  url           = {http://tidel.mie.utoronto.ca/publications.php},
  institution 	= {Lule\aa\ University of Technology},
}

% The Toronto Intelligent Decision Engineering Laboratory (TIDEL)
@misc{Gab2006,
  author        = {Samuel Gabrielsson and J. Christopher Beck},
  title         = {Modelling Security Protocol Synthesis with AI Planning},
  year          = {2006},
  url           = {http://tidel.mie.utoronto.ca/publications.php},
  institution 	= {University of Toronto, Department of Mechanical \& Industrial Engineering},
}

% Ninth International Workshop on Distributed Constraint Reasoning, Brown
% University Providence, Rhode Island, USA (July 2007).
@misc{DuaGab2007,
  author        = {Lei Duan and Samuel Gabrielsson and J. Christopher Beck},
  title         = {Solving Combinatorial Problems with Parallel Cooperative Solvers},
  year          = {2007},
  url           = {http://tidel.mie.utoronto.ca/publications.php},
  institution 	= {University of Toronto, Department of Mechanical \& Industrial Engineering},
}
